@article{Holstein_2009,
  doi = {10.1088/1742-6596/173/1/012019},
  url = {http://dx.doi.org/10.1088/1742-6596/173/1/012019},
  year = {2009},
  month = {jun},
  publisher = {{IOP} Publishing},
  volume = {173},
  pages = {012019},
  author = {Barry R Holstein},
  title = {{The mysterious disappearance of Ettore Majorana}},
  journal = {J. Phys.: Conf. Ser.},
}


@article{2012,
  author = {CMS/CERN},
  title = {{A New Boson with a Mass of 125 GeV Observed with the CMS Experiment at the Large Hadron Collider}},
  volume = {338},
  number = {6114},
  pages = {1569-1575},
  year = {2012},
  doi = {10.1126/science.1230816},
  eprint = {http://www.sciencemag.org/content/338/6114/1569.full.pdf},
  journal = {Science},
}


@article{21483479,
  title = {{The roots of bioinformatics in theoretical biology.}},
  date = {2011 Mar},
  source = {PLoS Comput Biol},
  authors = {Hogeweg, P},
  author = {Hogeweg, P},
  year = {2011},
  month = {Mar},
  journal = {PLoS Comput Biol},
  volume = {7},
  number = {},
  pages = {e1002021},
  pubmed_id = {21483479},
}


@article{Hogeweg_2011,
  doi = {10.1371/journal.pcbi.1002021},
  url = {http://dx.doi.org/10.1371/journal.pcbi.1002021},
  year = {2011},
  month = {mar},
  publisher = {Public Library of Science ({PLoS})},
  volume = {7},
  number = {3},
  pages = {e1002021},
  author = {Paulien Hogeweg},
  editor = {David B. Searls},
  title = {{The Roots of Bioinformatics in Theoretical Biology}},
  journal = {{PLoS} Comput Biol},
}


@article{729362,
  title = {{Interactive instruction on population interactions.}},
  date = {1978},
  source = {Comput Biol Med},
  authors = {Hogeweg, P and Hesper, B},
  author = {Hogeweg, P and Hesper, B},
  year = {1978},
  month = {null},
  journal = {Comput Biol Med},
  volume = {8},
  number = {},
  pages = {319-27},
  pubmed_id = {729362},
}
